<?xml version="1.0" encoding="UTF-8"?>
<record>
  <leader>01447cam#a2200445#cc4500</leader>
  <controlfield tag="003">DE-605</controlfield>
  <controlfield tag="005">20230113173400.0</controlfield>
  <controlfield tag="007">tu</controlfield>
  <controlfield tag="008">230113|2002####xxu###########|||#|#eng#c</controlfield>
  <controlfield tag="001">99371874404306441</controlfield>
  <datafield tag="016" ind1="7" ind2=" ">
    <subfield code="a">163175852</subfield>
    <subfield code="2">OCoLC</subfield>
  </datafield>
  <datafield tag="020" ind1=" " ind2=" ">
    <subfield code="a">0028653238</subfield>
    <subfield code="c">v. 4 : alk. paper</subfield>
    <subfield code="9">0-02-865323-8</subfield>
  </datafield>
  <datafield tag="035" ind1=" " ind2=" ">
    <subfield code="a">(DE-605)HT021692747</subfield>
  </datafield>
  <datafield tag="040" ind1=" " ind2=" ">
    <subfield code="a">38/205</subfield>
    <subfield code="b">ger</subfield>
    <subfield code="c">DE-605</subfield>
    <subfield code="d">DE-605</subfield>
  </datafield>
  <datafield tag="041" ind1=" " ind2=" ">
    <subfield code="a">eng</subfield>
  </datafield>
  <datafield tag="044" ind1=" " ind2=" ">
    <subfield code="c">XD-US</subfield>
    <subfield code="c">XA-GB</subfield>
    <subfield code="c">XA-DE</subfield>
  </datafield>
  <datafield tag="084" ind1=" " ind2=" ">
    <subfield code="a">86.41</subfield>
    <subfield code="2">bkl</subfield>
  </datafield>
  <datafield tag="084" ind1=" " ind2=" ">
    <subfield code="a">71.35</subfield>
    <subfield code="2">bkl</subfield>
  </datafield>
  <datafield tag="245" ind1="0" ind2="0">
    <subfield code="a">Encyclopedia of crime &amp; justice</subfield>
    <subfield code="n">Vol. 4</subfield>
    <subfield code="p">Schools &amp; crime - Wiretapping &amp; eavesdropping</subfield>
    <subfield code="p">Schools &amp; crime - Wiretapping &amp; eavesdropping</subfield>
    <subfield code="c">Joshua Dressler, ed. in chief</subfield>
  </datafield>
  <datafield tag="250" ind1=" " ind2=" ">
    <subfield code="a">2. ed</subfield>
  </datafield>
  <datafield tag="264" ind1=" " ind2="1">
    <subfield code="a">New York [u.a.]</subfield>
    <subfield code="b">Macmillan Reference USA</subfield>
    <subfield code="c">2002</subfield>
  </datafield>
  <datafield tag="300" ind1=" " ind2=" ">
    <subfield code="a">S. 1365 - 1780</subfield>
    <subfield code="b">graph. Darst.</subfield>
  </datafield>
  <datafield tag="336" ind1=" " ind2=" ">
    <subfield code="b">txt</subfield>
  </datafield>
  <datafield tag="337" ind1=" " ind2=" ">
    <subfield code="b">n</subfield>
  </datafield>
  <datafield tag="338" ind1=" " ind2=" ">
    <subfield code="b">nc</subfield>
  </datafield>
  <datafield tag="689" ind1="0" ind2="0">
    <subfield code="a">Schule</subfield>
    <subfield code="D">s</subfield>
    <subfield code="0">(DE-588)4053474-1</subfield>
    <subfield code="B">GND-04053474X</subfield>
  </datafield>
  <datafield tag="689" ind1="0" ind2="1">
    <subfield code="a">Kriminalität</subfield>
    <subfield code="D">s</subfield>
    <subfield code="0">(DE-588)4033178-7</subfield>
    <subfield code="B">GND-040331784</subfield>
  </datafield>
  <datafield tag="689" ind1="0" ind2="2">
    <subfield code="a">Lauschangriff</subfield>
    <subfield code="D">s</subfield>
    <subfield code="0">(DE-588)4369430-5</subfield>
    <subfield code="B">GND-943813875</subfield>
  </datafield>
  <datafield tag="035" ind1=" " ind2=" ">
    <subfield code="a">(OCoLC)163175852</subfield>
  </datafield>
  <datafield tag="035" ind1=" " ind2=" ">
    <subfield code="a">(DE-602)gbv_33764683X</subfield>
  </datafield>
  <datafield tag="035" ind1=" " ind2=" ">
    <subfield code="a">(DE-627)33764683X</subfield>
  </datafield>
  <datafield tag="035" ind1=" " ind2=" ">
    <subfield code="a">(DE-599)GBV33764683X</subfield>
  </datafield>
  <datafield tag="964" ind1="0" ind2="s">
    <subfield code="F">051</subfield>
    <subfield code="A">m|||||||</subfield>
  </datafield>
  <datafield tag="964" ind1="0" ind2="i">
    <subfield code="I">marc-FMT via MAB2MARC</subfield>
    <subfield code="F">FMT</subfield>
    <subfield code="A">BK</subfield>
  </datafield>
  <datafield tag="964" ind1="0" ind2="s">
    <subfield code="F">030</subfield>
    <subfield code="A">a||u|||||||||</subfield>
  </datafield>
  <datafield tag="964" ind1="0" ind2="s">
    <subfield code="F">050</subfield>
    <subfield code="A">a|a|||||||||||</subfield>
  </datafield>
  <datafield tag="700" ind1="1" ind2=" ">
    <subfield code="a">Dressler, Joshua</subfield>
    <subfield code="4">oth</subfield>
  </datafield>
  <datafield tag="700" ind1="1" ind2=" ">
    <subfield code="a">Dressler, Joshua</subfield>
    <subfield code="d">1947-</subfield>
    <subfield code="0">(DE-588)129185787</subfield>
    <subfield code="4">oth</subfield>
    <subfield code="9">O:H</subfield>
    <subfield code="0">https://d-nb.info/gnd/129185787</subfield>
    <subfield code="0">http://viaf.org/viaf/287572</subfield>
    <subfield code="B">GND-129185787</subfield>
  </datafield>
  <datafield tag="773" ind1="0" ind2="8">
    <subfield code="w">(DE-605)HT021692642</subfield>
    <subfield code="q">4</subfield>
  </datafield>
  <datafield tag="773" ind1="0" ind2="8">
    <subfield code="i">Enthalten in</subfield>
    <subfield code="g">Vol. 4</subfield>
  </datafield>
  <datafield tag="MBD" ind1=" " ind2=" ">
    <subfield code="M">49HBZ_NETWORK</subfield>
    <subfield code="i">99371874404306441</subfield>
    <subfield code="n">HBZ Network</subfield>
  </datafield>
  <datafield tag="MBD" ind1=" " ind2=" ">
    <subfield code="M">49HBZ_UBK</subfield>
    <subfield code="i">991053368439706476</subfield>
    <subfield code="n">Universität Köln</subfield>
  </datafield>
  <datafield tag="MNG" ind1=" " ind2=" ">
    <subfield code="c">System</subfield>
    <subfield code="f">HBZ</subfield>
    <subfield code="i">marc21</subfield>
    <subfield code="h">20230113173400.0</subfield>
    <subfield code="l">70</subfield>
    <subfield code="k">01</subfield>
    <subfield code="e">false</subfield>
    <subfield code="d">2026-02-05 04:31:14 Europe/Berlin</subfield>
    <subfield code="g">HT021692747</subfield>
    <subfield code="j">60</subfield>
    <subfield code="a">System</subfield>
    <subfield code="b">2023-01-13 18:30:41 Europe/Berlin</subfield>
  </datafield>
  <datafield tag="H52" ind1=" " ind2=" ">
    <subfield code="b">38-205</subfield>
    <subfield code="c">38-205-BIB</subfield>
    <subfield code="8">22309413110006476</subfield>
  </datafield>
  <datafield tag="HOL" ind1=" " ind2=" ">
    <subfield code="b">2023-08-22 16:08:07</subfield>
    <subfield code="8">22309413110006476</subfield>
    <subfield code="M">49HBZ_UBK</subfield>
    <subfield code="g">false</subfield>
    <subfield code="a">import</subfield>
  </datafield>
  <datafield tag="ITM" ind1=" " ind2=" ">
    <subfield code="H">22309413110006476</subfield>
    <subfield code="x">38-205-BIB</subfield>
    <subfield code="f">BOOK</subfield>
    <subfield code="v">38-205-BIB</subfield>
    <subfield code="p">X</subfield>
    <subfield code="X">AMO_HBZ_FIX</subfield>
    <subfield code="U">2023-08-21 12:59:00 Europe/Berlin</subfield>
    <subfield code="Y">2023-08-24 04:52:25 Europe/Berlin</subfield>
    <subfield code="h">false</subfield>
    <subfield code="J">Standort: Lehrstuhl für allgemeines Strafrecht</subfield>
    <subfield code="n">205/Fa56+2-4</subfield>
    <subfield code="G">1</subfield>
    <subfield code="M">49HBZ_UBK</subfield>
    <subfield code="s">1</subfield>
    <subfield code="d">#</subfield>
    <subfield code="V">import</subfield>
    <subfield code="L">Inv.-Nr.: 2001.422</subfield>
    <subfield code="b">TEMP549262</subfield>
    <subfield code="O">HBZ01: HT021692747 | Aufnahmedatum: 2023-01-13 | Klassifikation: 0</subfield>
    <subfield code="a">23309413100006476</subfield>
    <subfield code="W">2023-08-22 18:08:07 Europe/Berlin</subfield>
    <subfield code="u">38-205</subfield>
    <subfield code="w">38-205</subfield>
  </datafield>
  <datafield tag="GST" ind1=" " ind2=" ">
    <subfield code="a">Akustische Überwachung</subfield>
    <subfield code="A">GND</subfield>
    <subfield code="B">GND-943813875</subfield>
    <subfield code="C">450</subfield>
  </datafield>
  <datafield tag="GST" ind1=" " ind2=" ">
    <subfield code="a">Geheimes Abhören</subfield>
    <subfield code="A">GND</subfield>
    <subfield code="B">GND-943813875</subfield>
    <subfield code="C">450</subfield>
  </datafield>
  <datafield tag="GST" ind1=" " ind2=" ">
    <subfield code="a">Abhöraffäre</subfield>
    <subfield code="A">GND</subfield>
    <subfield code="B">GND-943813875</subfield>
    <subfield code="C">450</subfield>
  </datafield>
  <datafield tag="GSI" ind1="7" ind2=" ">
    <subfield code="a">4369430-5</subfield>
    <subfield code="0">http://d-nb.info/gnd/4369430-5</subfield>
    <subfield code="2">gnd</subfield>
    <subfield code="A">GND</subfield>
    <subfield code="B">GND-943813875</subfield>
    <subfield code="C">024</subfield>
  </datafield>
  <datafield tag="GST" ind1=" " ind2=" ">
    <subfield code="a">Delinquenz</subfield>
    <subfield code="A">GND</subfield>
    <subfield code="B">GND-040331784</subfield>
    <subfield code="C">450</subfield>
  </datafield>
  <datafield tag="GST" ind1=" " ind2=" ">
    <subfield code="a">Kriminelles Verhalten</subfield>
    <subfield code="A">GND</subfield>
    <subfield code="B">GND-040331784</subfield>
    <subfield code="C">450</subfield>
  </datafield>
  <datafield tag="GST" ind1=" " ind2=" ">
    <subfield code="a">Straffälligkeit</subfield>
    <subfield code="9">v:Quasisynonym</subfield>
    <subfield code="A">GND</subfield>
    <subfield code="B">GND-040331784</subfield>
    <subfield code="C">450</subfield>
  </datafield>
  <datafield tag="GSI" ind1="7" ind2=" ">
    <subfield code="a">4033178-7</subfield>
    <subfield code="0">http://d-nb.info/gnd/4033178-7</subfield>
    <subfield code="2">gnd</subfield>
    <subfield code="A">GND</subfield>
    <subfield code="B">GND-040331784</subfield>
    <subfield code="C">024</subfield>
  </datafield>
  <datafield tag="GST" ind1=" " ind2=" ">
    <subfield code="a">Schulwesen</subfield>
    <subfield code="A">GND</subfield>
    <subfield code="B">GND-04053474X</subfield>
    <subfield code="C">450</subfield>
  </datafield>
  <datafield tag="GST" ind1=" " ind2=" ">
    <subfield code="a">Schulform</subfield>
    <subfield code="A">GND</subfield>
    <subfield code="B">GND-04053474X</subfield>
    <subfield code="C">450</subfield>
  </datafield>
  <datafield tag="GST" ind1=" " ind2=" ">
    <subfield code="a">Schulart</subfield>
    <subfield code="A">GND</subfield>
    <subfield code="B">GND-04053474X</subfield>
    <subfield code="C">450</subfield>
  </datafield>
  <datafield tag="GST" ind1=" " ind2=" ">
    <subfield code="a">Schulsystem</subfield>
    <subfield code="A">GND</subfield>
    <subfield code="B">GND-04053474X</subfield>
    <subfield code="C">450</subfield>
  </datafield>
  <datafield tag="GST" ind1=" " ind2=" ">
    <subfield code="a">Schulen</subfield>
    <subfield code="A">GND</subfield>
    <subfield code="B">GND-04053474X</subfield>
    <subfield code="C">450</subfield>
  </datafield>
  <datafield tag="GSI" ind1="7" ind2=" ">
    <subfield code="a">http://d-nb.info/gnd/4053474-1</subfield>
    <subfield code="2">uri</subfield>
    <subfield code="A">GND</subfield>
    <subfield code="B">GND-04053474X</subfield>
    <subfield code="C">024</subfield>
  </datafield>
  <datafield tag="GSI" ind1="7" ind2=" ">
    <subfield code="a">129185787</subfield>
    <subfield code="0">http://d-nb.info/gnd/129185787</subfield>
    <subfield code="2">gnd</subfield>
    <subfield code="A">GND</subfield>
    <subfield code="B">GND-129185787</subfield>
    <subfield code="C">024</subfield>
  </datafield>
  <datafield tag="GSI" ind1="7" ind2=" ">
    <subfield code="a">n88058530</subfield>
    <subfield code="2">lccn</subfield>
    <subfield code="A">GND</subfield>
    <subfield code="B">GND-129185787</subfield>
    <subfield code="C">024</subfield>
  </datafield>
</record>
